01BGMAX               0120250918161548800743P                                   
050003217254          SEK                                                       
200000000000               reference000000000000539799924                       
200000000000               reference100000000000097067824                       
200000000000               reference200000000000815157524                       
200000000000               reference300000000000354927124                       
200000000000               reference400000000001173656824                       
200000000000               reference500000000000402782924                       
200000000000               reference600000000000161020524                       
200000000000               reference700000000001259617124                       
200000000000               reference800000000001022976724                       
200000000000               reference900000000001306253624                       
15000000000000000000000000000000000002025091800000000000000071332599SEK00000010 
7000000010000000000000000000000001                                              
