<?xml version="1.0" encoding="UTF-8"?>
<Document xmlns="urn:iso:std:iso:20022:tech:xsd:camt.054.001.13" xmlns:xsi="http://www.w3.org/2001/XMLSchema-instance">
  <BkToCstmrDbtCdtNtfctn>
    <GrpHdr>
      <MsgId>d09c2d70d168487f951e19dd889ced63</MsgId>
      <CreDtTm>2025-09-18T14:15:48Z</CreDtTm>
    </GrpHdr>
    <Ntfctn>
      <Id>d09c2d70d168487f951e19dd889ced63</Id>
      <Acct>
        <Id>
          <Othr>
            <Id>321-7254</Id>
            <SchmeNm>
              <Prtry>BGNR</Prtry>
            </SchmeNm>
          </Othr>
        </Id>
        <Ownr>
          <Id>
            <OrgId>
              <Othr>
                <Id>585554-9365</Id>
                <SchmeNm>
                  <Cd>COID</Cd>
                </SchmeNm>
              </Othr>
            </OrgId>
          </Id>
        </Ownr>
      </Acct>
      <TxsSummry>
        <TtlNtries>
          <NbOfNtries>10</NbOfNtries>
          <Sum>713325.99</Sum>
        </TtlNtries>
      </TxsSummry>
      <Ntry>
        <Amt Ccy="SEK">53979.99</Amt>
        <CdtDbtInd>CRDT</CdtDbtInd>
        <Sts>
          <Prtry>PAID</Prtry>
        </Sts>
        <BookgDt>
          <Dt>2026-03-10</Dt>
        </BookgDt>
        <AcctSvcrRef>D2EDC8CDAF0A469AB8D42CB6840CE433</AcctSvcrRef>
        <BkTxCd>
          <Domn>
            <Cd>PMNT</Cd>
            <Fmly>
              <Cd>NTAV</Cd>
              <SubFmlyCd>NTAV</SubFmlyCd>
            </Fmly>
          </Domn>
        </BkTxCd>
        <NtryDtls>
          <TxDtls>
            <RltdPties>
              <Dbtr>
                <Pty>
                  <Nm>Not available</Nm>
                </Pty>
              </Dbtr>
              <CdtrAcct>
                <Id>
                  <Othr>
                    <Id>321-7254</Id>
                    <SchmeNm>
                      <Prtry>BGNR</Prtry>
                    </SchmeNm>
                  </Othr>
                </Id>
              </CdtrAcct>
            </RltdPties>
            <RmtInf>
              <Strd>
                <RfrdDocInf>
                  <Tp>
                    <CdOrPrtry>
                      <Cd>INV</Cd>
                    </CdOrPrtry>
                  </Tp>
                </RfrdDocInf>
                <CdtrRefInf>
                  <Ref>reference0</Ref>
                </CdtrRefInf>
              </Strd>
            </RmtInf>
            <SplmtryData>
              <PlcAndNm>PaymentKey</PlcAndNm>
              <Envlp>
                <Id>D2EDC8CDAF0A469AB8D42CB6840CE433</Id>
              </Envlp>
            </SplmtryData>
          </TxDtls>
        </NtryDtls>
      </Ntry>
      <Ntry>
        <Amt Ccy="SEK">9706.78</Amt>
        <CdtDbtInd>CRDT</CdtDbtInd>
        <Sts>
          <Prtry>PAID</Prtry>
        </Sts>
        <BookgDt>
          <Dt>2025-10-26</Dt>
        </BookgDt>
        <AcctSvcrRef>8EE7BA86972E469CB1433859F4A5123E</AcctSvcrRef>
        <BkTxCd>
          <Domn>
            <Cd>PMNT</Cd>
            <Fmly>
              <Cd>NTAV</Cd>
              <SubFmlyCd>NTAV</SubFmlyCd>
            </Fmly>
          </Domn>
        </BkTxCd>
        <NtryDtls>
          <TxDtls>
            <RltdPties>
              <Dbtr>
                <Pty>
                  <Nm>Not available</Nm>
                </Pty>
              </Dbtr>
              <CdtrAcct>
                <Id>
                  <Othr>
                    <Id>321-7254</Id>
                    <SchmeNm>
                      <Prtry>BGNR</Prtry>
                    </SchmeNm>
                  </Othr>
                </Id>
              </CdtrAcct>
            </RltdPties>
            <RmtInf>
              <Strd>
                <RfrdDocInf>
                  <Tp>
                    <CdOrPrtry>
                      <Cd>INV</Cd>
                    </CdOrPrtry>
                  </Tp>
                </RfrdDocInf>
                <CdtrRefInf>
                  <Ref>reference1</Ref>
                </CdtrRefInf>
              </Strd>
            </RmtInf>
            <SplmtryData>
              <PlcAndNm>PaymentKey</PlcAndNm>
              <Envlp>
                <Id>8EE7BA86972E469CB1433859F4A5123E</Id>
              </Envlp>
            </SplmtryData>
          </TxDtls>
        </NtryDtls>
      </Ntry>
      <Ntry>
        <Amt Ccy="SEK">81515.75</Amt>
        <CdtDbtInd>CRDT</CdtDbtInd>
        <Sts>
          <Prtry>PAID</Prtry>
        </Sts>
        <BookgDt>
          <Dt>2026-01-17</Dt>
        </BookgDt>
        <AcctSvcrRef>7E788A949ED74978B8DCB099E108E905</AcctSvcrRef>
        <BkTxCd>
          <Domn>
            <Cd>PMNT</Cd>
            <Fmly>
              <Cd>NTAV</Cd>
              <SubFmlyCd>NTAV</SubFmlyCd>
            </Fmly>
          </Domn>
        </BkTxCd>
        <NtryDtls>
          <TxDtls>
            <RltdPties>
              <Dbtr>
                <Pty>
                  <Nm>Not available</Nm>
                </Pty>
              </Dbtr>
              <CdtrAcct>
                <Id>
                  <Othr>
                    <Id>321-7254</Id>
                    <SchmeNm>
                      <Prtry>BGNR</Prtry>
                    </SchmeNm>
                  </Othr>
                </Id>
              </CdtrAcct>
            </RltdPties>
            <RmtInf>
              <Strd>
                <RfrdDocInf>
                  <Tp>
                    <CdOrPrtry>
                      <Cd>INV</Cd>
                    </CdOrPrtry>
                  </Tp>
                </RfrdDocInf>
                <CdtrRefInf>
                  <Ref>reference2</Ref>
                </CdtrRefInf>
              </Strd>
            </RmtInf>
            <SplmtryData>
              <PlcAndNm>PaymentKey</PlcAndNm>
              <Envlp>
                <Id>7E788A949ED74978B8DCB099E108E905</Id>
              </Envlp>
            </SplmtryData>
          </TxDtls>
        </NtryDtls>
      </Ntry>
      <Ntry>
        <Amt Ccy="SEK">35492.71</Amt>
        <CdtDbtInd>CRDT</CdtDbtInd>
        <Sts>
          <Prtry>PAID</Prtry>
        </Sts>
        <BookgDt>
          <Dt>2025-09-26</Dt>
        </BookgDt>
        <AcctSvcrRef>A253A3B03ADC4CF88F039D28458922A6</AcctSvcrRef>
        <BkTxCd>
          <Domn>
            <Cd>PMNT</Cd>
            <Fmly>
              <Cd>NTAV</Cd>
              <SubFmlyCd>NTAV</SubFmlyCd>
            </Fmly>
          </Domn>
        </BkTxCd>
        <NtryDtls>
          <TxDtls>
            <RltdPties>
              <Dbtr>
                <Pty>
                  <Nm>Not available</Nm>
                </Pty>
              </Dbtr>
              <CdtrAcct>
                <Id>
                  <Othr>
                    <Id>321-7254</Id>
                    <SchmeNm>
                      <Prtry>BGNR</Prtry>
                    </SchmeNm>
                  </Othr>
                </Id>
              </CdtrAcct>
            </RltdPties>
            <RmtInf>
              <Strd>
                <RfrdDocInf>
                  <Tp>
                    <CdOrPrtry>
                      <Cd>INV</Cd>
                    </CdOrPrtry>
                  </Tp>
                </RfrdDocInf>
                <CdtrRefInf>
                  <Ref>reference3</Ref>
                </CdtrRefInf>
              </Strd>
            </RmtInf>
            <SplmtryData>
              <PlcAndNm>PaymentKey</PlcAndNm>
              <Envlp>
                <Id>A253A3B03ADC4CF88F039D28458922A6</Id>
              </Envlp>
            </SplmtryData>
          </TxDtls>
        </NtryDtls>
      </Ntry>
      <Ntry>
        <Amt Ccy="SEK">117365.68</Amt>
        <CdtDbtInd>CRDT</CdtDbtInd>
        <Sts>
          <Prtry>PAID</Prtry>
        </Sts>
        <BookgDt>
          <Dt>2025-10-20</Dt>
        </BookgDt>
        <AcctSvcrRef>073D5E07386C45148CEF33AED99098D7</AcctSvcrRef>
        <BkTxCd>
          <Domn>
            <Cd>PMNT</Cd>
            <Fmly>
              <Cd>NTAV</Cd>
              <SubFmlyCd>NTAV</SubFmlyCd>
            </Fmly>
          </Domn>
        </BkTxCd>
        <NtryDtls>
          <TxDtls>
            <RltdPties>
              <Dbtr>
                <Pty>
                  <Nm>Not available</Nm>
                </Pty>
              </Dbtr>
              <CdtrAcct>
                <Id>
                  <Othr>
                    <Id>321-7254</Id>
                    <SchmeNm>
                      <Prtry>BGNR</Prtry>
                    </SchmeNm>
                  </Othr>
                </Id>
              </CdtrAcct>
            </RltdPties>
            <RmtInf>
              <Strd>
                <RfrdDocInf>
                  <Tp>
                    <CdOrPrtry>
                      <Cd>INV</Cd>
                    </CdOrPrtry>
                  </Tp>
                </RfrdDocInf>
                <CdtrRefInf>
                  <Ref>reference4</Ref>
                </CdtrRefInf>
              </Strd>
            </RmtInf>
            <SplmtryData>
              <PlcAndNm>PaymentKey</PlcAndNm>
              <Envlp>
                <Id>073D5E07386C45148CEF33AED99098D7</Id>
              </Envlp>
            </SplmtryData>
          </TxDtls>
        </NtryDtls>
      </Ntry>
      <Ntry>
        <Amt Ccy="SEK">40278.29</Amt>
        <CdtDbtInd>CRDT</CdtDbtInd>
        <Sts>
          <Prtry>PAID</Prtry>
        </Sts>
        <BookgDt>
          <Dt>2025-09-20</Dt>
        </BookgDt>
        <AcctSvcrRef>9053CCD7BA9F455FB31E3FC61E928B3D</AcctSvcrRef>
        <BkTxCd>
          <Domn>
            <Cd>PMNT</Cd>
            <Fmly>
              <Cd>NTAV</Cd>
              <SubFmlyCd>NTAV</SubFmlyCd>
            </Fmly>
          </Domn>
        </BkTxCd>
        <NtryDtls>
          <TxDtls>
            <RltdPties>
              <Dbtr>
                <Pty>
                  <Nm>Not available</Nm>
                </Pty>
              </Dbtr>
              <CdtrAcct>
                <Id>
                  <Othr>
                    <Id>321-7254</Id>
                    <SchmeNm>
                      <Prtry>BGNR</Prtry>
                    </SchmeNm>
                  </Othr>
                </Id>
              </CdtrAcct>
            </RltdPties>
            <RmtInf>
              <Strd>
                <RfrdDocInf>
                  <Tp>
                    <CdOrPrtry>
                      <Cd>INV</Cd>
                    </CdOrPrtry>
                  </Tp>
                </RfrdDocInf>
                <CdtrRefInf>
                  <Ref>reference5</Ref>
                </CdtrRefInf>
              </Strd>
            </RmtInf>
            <SplmtryData>
              <PlcAndNm>PaymentKey</PlcAndNm>
              <Envlp>
                <Id>9053CCD7BA9F455FB31E3FC61E928B3D</Id>
              </Envlp>
            </SplmtryData>
          </TxDtls>
        </NtryDtls>
      </Ntry>
      <Ntry>
        <Amt Ccy="SEK">16102.05</Amt>
        <CdtDbtInd>CRDT</CdtDbtInd>
        <Sts>
          <Prtry>PAID</Prtry>
        </Sts>
        <BookgDt>
          <Dt>2025-11-03</Dt>
        </BookgDt>
        <AcctSvcrRef>6504B37657334225A13B047F76400A03</AcctSvcrRef>
        <BkTxCd>
          <Domn>
            <Cd>PMNT</Cd>
            <Fmly>
              <Cd>NTAV</Cd>
              <SubFmlyCd>NTAV</SubFmlyCd>
            </Fmly>
          </Domn>
        </BkTxCd>
        <NtryDtls>
          <TxDtls>
            <RltdPties>
              <Dbtr>
                <Pty>
                  <Nm>Not available</Nm>
                </Pty>
              </Dbtr>
              <CdtrAcct>
                <Id>
                  <Othr>
                    <Id>321-7254</Id>
                    <SchmeNm>
                      <Prtry>BGNR</Prtry>
                    </SchmeNm>
                  </Othr>
                </Id>
              </CdtrAcct>
            </RltdPties>
            <RmtInf>
              <Strd>
                <RfrdDocInf>
                  <Tp>
                    <CdOrPrtry>
                      <Cd>INV</Cd>
                    </CdOrPrtry>
                  </Tp>
                </RfrdDocInf>
                <CdtrRefInf>
                  <Ref>reference6</Ref>
                </CdtrRefInf>
              </Strd>
            </RmtInf>
            <SplmtryData>
              <PlcAndNm>PaymentKey</PlcAndNm>
              <Envlp>
                <Id>6504B37657334225A13B047F76400A03</Id>
              </Envlp>
            </SplmtryData>
          </TxDtls>
        </NtryDtls>
      </Ntry>
      <Ntry>
        <Amt Ccy="SEK">125961.71</Amt>
        <CdtDbtInd>CRDT</CdtDbtInd>
        <Sts>
          <Prtry>PAID</Prtry>
        </Sts>
        <BookgDt>
          <Dt>2025-10-26</Dt>
        </BookgDt>
        <AcctSvcrRef>66DA7915A12A4781A39AC5FDEF79A81E</AcctSvcrRef>
        <BkTxCd>
          <Domn>
            <Cd>PMNT</Cd>
            <Fmly>
              <Cd>NTAV</Cd>
              <SubFmlyCd>NTAV</SubFmlyCd>
            </Fmly>
          </Domn>
        </BkTxCd>
        <NtryDtls>
          <TxDtls>
            <RltdPties>
              <Dbtr>
                <Pty>
                  <Nm>Not available</Nm>
                </Pty>
              </Dbtr>
              <CdtrAcct>
                <Id>
                  <Othr>
                    <Id>321-7254</Id>
                    <SchmeNm>
                      <Prtry>BGNR</Prtry>
                    </SchmeNm>
                  </Othr>
                </Id>
              </CdtrAcct>
            </RltdPties>
            <RmtInf>
              <Strd>
                <RfrdDocInf>
                  <Tp>
                    <CdOrPrtry>
                      <Cd>INV</Cd>
                    </CdOrPrtry>
                  </Tp>
                </RfrdDocInf>
                <CdtrRefInf>
                  <Ref>reference7</Ref>
                </CdtrRefInf>
              </Strd>
            </RmtInf>
            <SplmtryData>
              <PlcAndNm>PaymentKey</PlcAndNm>
              <Envlp>
                <Id>66DA7915A12A4781A39AC5FDEF79A81E</Id>
              </Envlp>
            </SplmtryData>
          </TxDtls>
        </NtryDtls>
      </Ntry>
      <Ntry>
        <Amt Ccy="SEK">102297.67</Amt>
        <CdtDbtInd>CRDT</CdtDbtInd>
        <Sts>
          <Prtry>PAID</Prtry>
        </Sts>
        <BookgDt>
          <Dt>2026-07-13</Dt>
        </BookgDt>
        <AcctSvcrRef>6E26B1CA6F3B4E8FB8EB33CE5DC7B73B</AcctSvcrRef>
        <BkTxCd>
          <Domn>
            <Cd>PMNT</Cd>
            <Fmly>
              <Cd>NTAV</Cd>
              <SubFmlyCd>NTAV</SubFmlyCd>
            </Fmly>
          </Domn>
        </BkTxCd>
        <NtryDtls>
          <TxDtls>
            <RltdPties>
              <Dbtr>
                <Pty>
                  <Nm>Not available</Nm>
                </Pty>
              </Dbtr>
              <CdtrAcct>
                <Id>
                  <Othr>
                    <Id>321-7254</Id>
                    <SchmeNm>
                      <Prtry>BGNR</Prtry>
                    </SchmeNm>
                  </Othr>
                </Id>
              </CdtrAcct>
            </RltdPties>
            <RmtInf>
              <Strd>
                <RfrdDocInf>
                  <Tp>
                    <CdOrPrtry>
                      <Cd>INV</Cd>
                    </CdOrPrtry>
                  </Tp>
                </RfrdDocInf>
                <CdtrRefInf>
                  <Ref>reference8</Ref>
                </CdtrRefInf>
              </Strd>
            </RmtInf>
            <SplmtryData>
              <PlcAndNm>PaymentKey</PlcAndNm>
              <Envlp>
                <Id>6E26B1CA6F3B4E8FB8EB33CE5DC7B73B</Id>
              </Envlp>
            </SplmtryData>
          </TxDtls>
        </NtryDtls>
      </Ntry>
      <Ntry>
        <Amt Ccy="SEK">130625.36</Amt>
        <CdtDbtInd>CRDT</CdtDbtInd>
        <Sts>
          <Prtry>PAID</Prtry>
        </Sts>
        <BookgDt>
          <Dt>2026-02-09</Dt>
        </BookgDt>
        <AcctSvcrRef>7AAB487F180B43E8A5974C73C4A2D45D</AcctSvcrRef>
        <BkTxCd>
          <Domn>
            <Cd>PMNT</Cd>
            <Fmly>
              <Cd>NTAV</Cd>
              <SubFmlyCd>NTAV</SubFmlyCd>
            </Fmly>
          </Domn>
        </BkTxCd>
        <NtryDtls>
          <TxDtls>
            <RltdPties>
              <Dbtr>
                <Pty>
                  <Nm>Not available</Nm>
                </Pty>
              </Dbtr>
              <CdtrAcct>
                <Id>
                  <Othr>
                    <Id>321-7254</Id>
                    <SchmeNm>
                      <Prtry>BGNR</Prtry>
                    </SchmeNm>
                  </Othr>
                </Id>
              </CdtrAcct>
            </RltdPties>
            <RmtInf>
              <Strd>
                <RfrdDocInf>
                  <Tp>
                    <CdOrPrtry>
                      <Cd>INV</Cd>
                    </CdOrPrtry>
                  </Tp>
                </RfrdDocInf>
                <CdtrRefInf>
                  <Ref>reference9</Ref>
                </CdtrRefInf>
              </Strd>
            </RmtInf>
            <SplmtryData>
              <PlcAndNm>PaymentKey</PlcAndNm>
              <Envlp>
                <Id>7AAB487F180B43E8A5974C73C4A2D45D</Id>
              </Envlp>
            </SplmtryData>
          </TxDtls>
        </NtryDtls>
      </Ntry>
    </Ntfctn>
  </BkToCstmrDbtCdtNtfctn>
</Document>